@article{基于一致性的无人机编队飞行几何构型控制,
title={基于一致性的无人机编队飞行几何构型控制},
author={易文;雷斌;},
journal={武汉科技大学学报},
volume={42},
pages={150-154},
year={2019},
}

@article{基于GPU的大规模无人机编队控制并行仿真方法,
title={基于GPU的大规模无人机编队控制并行仿真方法},
author={李文光;王强;曹严},
journal={弹箭与制导学报},
pages={1-5},
}

@article{基于优化粒子群算法的无人机航路规划,
title={基于优化粒子群算法的无人机航路规划},
author={张建南;刘以安;王刚;},
journal={传感器与微系统},
pages={58-61},
year={2017},
}
